

@Misc{4ti2,
  author =   {4ti2 team},
  title =    {4ti2---A software package for algebraic, geometric and 
              combinatorial problems on linear spaces},
  howpublished = {{A}vailable at www.4ti2.de}
}

@article{howToIntegratePolynomialSimplex,
	Author = {Velleda Baldoni and Nicole Berline and De Loera, Jes{\'u}s A. and Matthias K{\"o}ppe and Mich{\`e}le Vergne},
	Doi = "10.1090/S0025-5718-2010-02378-6",
	Journal = {Mathematics of Computation},
	Number = 273,
	Pages = {297--325},
	Title = {How to Integrate a Polynomial over a Simplex},
	Volume = 80,
	Year = 2011,
	Bdsk-Url-1 = {http://dx.doi.org/10.1090/S0025-5718-2010-02378-6}
}


@incollection{BarviPom,
	Address = {Cambridge},
	Annote = {identical to barvinok:99},
	Author = {Barvinok, Alexander I. and Pommersheim, James E.},
	Booktitle = {New Perspectives in Algebraic Combinatorics},
	Editor = {Billera, Louis J. and Bj\"orner, Anders and Greene, Curtis and Simion, Rodica E. and Stanley, Richard P.},
	Pages = {91-147},
	Publisher = {Cambridge Univ. Press},
	Series = {Math. Sci. Res. Inst. Publ.},
	Title = {An algorithmic theory of lattice points in polyhedra},
	Volume = 38,
	Year = 1999}
	
	
@incollection {cuww,
   author = {Cornuejols, G. and Urbaniak, R. and Weismantel, R. and Wolsey, L.},
   affiliation = {CMU USA USA},
   title = {Decomposition of integer programs and of generating sets},
   booktitle = {Algorithms — ESA '97},
   series = {Lecture Notes in Computer Science},
   editor = {Burkard, Rainer and Woeginger, Gerhard},
   publisher = {Springer Berlin / Heidelberg},
   isbn = {},
   pages = {92-103},
   volume = {1284},
   url = {http://dx.doi.org/10.1007/3-540-63397-9\_8},
   note = {10.1007/3-540-63397-9\_8},
   year = {1997}
}	


@article{latte1,
title = "Effective lattice point counting in rational convex polytopes",
journal = "Journal of Symbolic Computation",
volume = "38",
number = "4",
pages = "1273 - 1302",
year = "2004",
note = "Symbolic Computation in Algebra and Geometry",
issn = "0747-7171",
doi = "DOI: 10.1016/j.jsc.2003.04.003",
url = "http://www.sciencedirect.com/science/article/pii/S0747717104000422",
author = "Jes\'us A. De Loera and Raymond Hemmecke and Jeremiah Tauzer and Ruriko Yoshida",
}




@article{latte2,
title = "Short rational functions for toric algebra and applications",
journal = "Journal of Symbolic Computation",
volume = "38",
number = "2",
pages = "959 - 973",
year = "2004",
note = "",
issn = "0747-7171",
doi = "DOI: 10.1016/j.jsc.2004.02.001",
url = "http://www.sciencedirect.com/science/article/pii/S0747717104000252",
author = "J. A. De Loera and D. Haws and R. Hemmecke and P. Huggins and B. Sturmfels and R. Yoshida",
}



@incollection {latte3,
   author = {De Loera, J. and Haws, D. and Hemmecke, R. and Huggins, P. and Yoshida, R.},
   affiliation = {Dept. of Mathematics, University of California, Davis, CA 95616, USA},
   title = {Three Kinds of Integer Programming Algorithms Based on Barvinok’s Rational Functions},
   booktitle = {Integer Programming and Combinatorial Optimization},
   series = {Lecture Notes in Computer Science},
   editor = {Bienstock, Daniel and Nemhauser, George},
   publisher = {Springer Berlin / Heidelberg},
   isbn = {},
   pages = {3-9},
   volume = {3064},
   url = {http://dx.doi.org/10.1007/978-3-540-25960-2\_19},
   note = {10.1007/978-3-540-25960-2\_19},
   year = {2004}
}


@misc{fukuda,
	Author = {Fukuda, Komei},
	Howpublished = {Available from URL \url{http://www.cs.mcgill.ca/~fukuda/soft/cdd\_home/cdd.html}},
	Title = {{\texttt{cddlib}}, version 094a},
	Year = 2005}


@misc{shoup,
	Author = {Victor Shoup},
	Howpublished = {Available from URL \url{http://www.shoup.net/ntl/}},
	Title = {{NTL}, A Library for doing Number Theory},
	Year = 2005
}

@book{sturmfels,
    AUTHOR = {Sturmfels, B.},
     TITLE = {Gr\"obner bases and convex polytopes},
    SERIES = {University Lecture Series},
    VOLUME = {8},
 PUBLISHER = {American Mathematical Society},
     PLACE = {Providence, RI},
      YEAR = {1996},
     PAGES = {xii+162},
      ISBN = {0-8218-0487-1},
    REVIEW = {\MR{1363949 (97b:13034)}},
}


@book{stanley,
	Author = {Stanley, Richard P.},
	Publisher = {Cambridge},
	Title = {Enumerative Combinatorics},
	Volume = {I},
	Year = 1997}

